@book {bll:species,
    AUTHOR = {Bergeron, F. and Labelle, G. and Leroux, P.},
     TITLE = {Combinatorial species and tree-like structures},
    SERIES = {Encyclopedia of Mathematics and its Applications},
    VOLUME = {67},
      NOTE = {Translated from the 1994 French original by Margaret Readdy,
              With a foreword by Gian-Carlo Rota},
 PUBLISHER = {Cambridge University Press},
   ADDRESS = {Cambridge},
      YEAR = {1998},
     PAGES = {xx+457},
      ISBN = {0-521-57323-8},
   MRCLASS = {05A15 (05C30 05E05)},
  MRNUMBER = {MR1629341 (2000a:05008)},
MRREVIEWER = {Ira Gessel},
}

@article {gessel:spec2trees,
    AUTHOR = {Fowler, Tom and Gessel, Ira and Labelle, Gilbert and Leroux,
              Pierre},
     TITLE = {The specification of 2-trees},
   JOURNAL = {Adv. in Appl. Math.},
  FJOURNAL = {Advances in Applied Mathematics},
    VOLUME = {28},
      YEAR = {2002},
    NUMBER = {2},
     PAGES = {145--168},
      ISSN = {0196-8858},
   MRCLASS = {05C05},
  MRNUMBER = {MR1888841 (2003d:05049)},
MRREVIEWER = {E. M. Palmer},
       DOI = {10.1006/aama.2001.0771},
       URL = {http://dx.doi.org/10.1006/aama.2001.0771},
}

@article {hend:specfield,
    AUTHOR = {Henderson, Anthony},
     TITLE = {Species over a finite field},
   JOURNAL = {J. Algebraic Combin.},
  FJOURNAL = {Journal of Algebraic Combinatorics. An International Journal},
    VOLUME = {21},
      YEAR = {2005},
    NUMBER = {2},
     PAGES = {147--161},
      ISSN = {0925-9899},
     CODEN = {JAOME7},
   MRCLASS = {05A15 (05E99)},
  MRNUMBER = {MR2142405 (2006c:05017)},
MRREVIEWER = {C{\'e}dric Lamathe},
       DOI = {10.1007/s10801-005-6905-1},
       URL = {http://dx.doi.org/10.1007/s10801-005-6905-1},
}

@article {harrob:bipblocks,
    AUTHOR = {Harary, F. and Robinson, R. W.},
     TITLE = {Labeled bipartite blocks},
   JOURNAL = {Canad. J. Math.},
  FJOURNAL = {Canadian Journal of Mathematics. Journal Canadien de
              Math\'ematiques},
    VOLUME = {31},
      YEAR = {1979},
    NUMBER = {1},
     PAGES = {60--68},
      ISSN = {0008-414X},
     CODEN = {CJMAAB},
   MRCLASS = {05C30},
  MRNUMBER = {518706 (80b:05036)},
MRREVIEWER = {R. C. Read},
}

@article {rob:nonsep,
	title = "Enumeration of non-separable graphs",
	journal = "Journal of Combinatorial Theory",
	volume = "9",
	number = "4",
	pages = "327--356",
	year = "1970",
	issn = "0021-9800",
	doi = "DOI: 10.1016/S0021-9800(70)80089-8",
	url = "http://www.sciencedirect.com/science/article/pii/S0021980070800898",
	author = "Robert W. Robinson",
}


@article {gessel:laginvspec,
    AUTHOR = {Gessel, Ira M. and Labelle, Gilbert},
     TITLE = {Lagrange inversion for species},
   JOURNAL = {J. Combin. Theory Ser. A},
  FJOURNAL = {Journal of Combinatorial Theory. Series A},
    VOLUME = {72},
      YEAR = {1995},
    NUMBER = {1},
     PAGES = {95--117},
      ISSN = {0097-3165},
     CODEN = {JCBTA7},
   MRCLASS = {05A15},
  MRNUMBER = {1354969 (96h:05010)},
MRREVIEWER = {Stephen Tanny},
       DOI = {10.1016/0097-3165(95)90030-6},
       URL = {http://dx.doi.org/10.1016/0097-3165(95)90030-6},
}

@article {har:bicolored,
    AUTHOR = {Harary, Frank},
     TITLE = {On the number of bi-colored graphs},
   JOURNAL = {Pacific J. Math.},
  FJOURNAL = {Pacific Journal of Mathematics},
    VOLUME = {8},
      YEAR = {1958},
     PAGES = {743--755},
      ISSN = {0030-8730},
   MRCLASS = {05.00 (55.00)},
  MRNUMBER = {0103834 (21 \#2598)},
MRREVIEWER = {G. A. Dirac},
}

@article {harprins:bipartite,
    AUTHOR = {Harary, Frank and Prins, Geert},
     TITLE = {Enumeration of bicolourable graphs},
   JOURNAL = {Canad. J. Math.},
  FJOURNAL = {Canadian Journal of Mathematics. Journal Canadien de
              Math\'ematiques},
    VOLUME = {15},
      YEAR = {1963},
     PAGES = {237--248},
      ISSN = {0008-414X},
   MRCLASS = {55.10 (05.65)},
  MRNUMBER = {0165512 (29 \#2794)},
MRREVIEWER = {J. W. moon},
}

@article {han:bipartite,
    AUTHOR = {Hanlon, Phil},
     TITLE = {The enumeration of bipartite graphs},
   JOURNAL = {Discrete Math.},
  FJOURNAL = {Discrete Mathematics},
    VOLUME = {28},
      YEAR = {1979},
    NUMBER = {1},
     PAGES = {49--57},
      ISSN = {0012-365X},
     CODEN = {DSMHA4},
   MRCLASS = {05C30},
  MRNUMBER = {542935 (81c:05051)},
MRREVIEWER = {E. M. Palmer},
       DOI = {10.1016/0012-365X(79)90184-5},
       URL = {http://dx.doi.org/10.1016/0012-365X(79)90184-5},
}

@article {forduhl:combprob1,
    AUTHOR = "Ford, G. W. and Uhlenbeck, G. E.",
     TITLE = "Combinatorial problems in the theory of graphs. {I}",
   JOURNAL = "Proc. Nat. Acad. Sci. U. S. A.",
  FJOURNAL = "Proceedings of the National Academy of Sciences of the United
              States of America",
    VOLUME = {42},
      YEAR = {1956},
     PAGES = {122--128},
      ISSN = {0027-8424},
   MRCLASS = {56.0X},
  MRNUMBER = {0078683 (17,1231a)},
MRREVIEWER = {G. A. Dirac},
}

@phdthesis {bous:species,
	AUTHOR = "Michel Bousquet",
	TITLE = "Esp{\`{e}}ces de structures et applications au d{\'{e}}nombrement de cartes et de cactus planaires",
	SCHOOL = "Universit{\'{e}} du Qu{\'{e}}bec {\`{a}} Montr{\'{e}}al",
	YEAR = "1999",
	NOTE = "Available from LaCIM at \url{http://lacim.uqam.ca/publications} and as Publications du LaCIM 24.",
}

@phdthesis {jili:pointdet,
    AUTHOR = "Ji Li",
    TITLE = "Counting Prime Graphs and Point-Determining Graphs Using Combinatorial Theory of Species",
    SCHOOL = "Brandeis University",
    YEAR = "2007",
}

@article {joy:species,
	AUTHOR = "Andr{\'{e}} Joyal",
	TITLE = "Une th{\'{e}}orie combinatoire des s{\'{e}}ries formelles",
	JOURNAL = "Advances in Mathematics",
	VOLUME = {42},
	PAGES = {1--82},
	YEAR = {1981}
}

@phdthesis {travis:inpleth,
	AUTHOR = "Leopold Travis",
	TITLE = "Graphical Enumeration: A Species-Theoretic Approach",
	SCHOOL = "Brandeis University",
	YEAR = "1999"
}

@article{beinpipp:lktrees,
	title = "The number of labeled k-dimensional trees",
	journal = "Journal of Combinatorial Theory",
	volume = "6",
	number = "2",
	pages = "200--205",
	year = "1969",
	note = "",
	issn = "0021-9800",
	doi = "DOI: 10.1016/S0021-9800(69)80120-1",
	url = "http://www.sciencedirect.com/science/article/pii/S0021980069801201",
	author = "L.W. Beineke and R.E. Pippert"
}

@article{moon:lktrees,
	title = "The number of labeled k-trees",
	journal = "Journal of Combinatorial Theory",
	volume = "6",
	number = "2",
	pages = "196--199",
	year = "1969",
	note = "",
	issn = "0021-9800",
	doi = "DOI: 10.1016/S0021-9800(69)80119-5",
	url = "http://www.sciencedirect.com/science/article/pii/S0021980069801195",
	author = "J.W. Moon"
}

@inproceedings{kob:ktlogspace,
	author = "Johannes K{\"{o}}bler and Sebastian Kuhnert",
	title = "The Isomorphism Problem for $k$-Trees Is Complete for Logspace",
	booktitle = "Proceedings of the 34th International Symposium on Mathematical Foundations of Computer Science 2009",
	year = "2009",
	isbn = "978-3-642-03815-0",
 	location = "Novy Smokovec, High Tatras, Slovakia",
	pages = "537--548",
	numpages = "12",
	url = "http://portal.acm.org/citation.cfm?id=1616390.1616438",
	doi = "10.1007/978-3-642-03816-7_46",
	acmid = "1616438",
	publisher = "Springer-Verlag",
	address = "Berlin, Heidelberg",
}

@misc{oeis,
	key="OEIS",
	note="OEIS Foundation Inc.",
	title="The {On}-{L}ine {E}ncyclopedia of {I}nteger {S}equences",
	howpublished="\url{http://oeis.org}"
}

@article{harpalm:acycsimp,
	author = "F. Harary and E.M. Palmer",
	title = "On acyclic simplicial complexes",
	journal = "Mathematika",
	volume = "15",
	year = "1968",
	pages = "115--122",
}

@article{palm:l2trees,
	author = "E. Palmer",
	title = "On the number of labeled $2$-trees",
	journal = "Journal of Combinatorial Theory",
	volume = "6",
	year = "1969",
	pages = "206--207",
}

@article{palmread:p2trees,
	author = "E. Palmer and R. Read",
	title = "On the number of plane $2$-trees",
	journal = "Journal of the London Mathematical Society",
	volume = "6",
	year = "1973",
	pages = "583--592",
}

@book{harpalm:graphenum,
	author = "F. Harary and E. Palmer",
	title = "Graphical Enumeration",
	year = "1973",
	publisher = "Academic Press",
	address = "New York",
}

@article{beinpipp:multidim,
	author = "Lowell W. Beineke and Raymond E. Pippert",
	title = "Multidimensional bipartite trees",
	journal = "Discrete Mathematics",
	year = "2003",
	volume = "272",
	pages = "17--26",
	doi = "10.1016/S0012-365X(03)00180-8",
}

@manual{sage,
  Key          = {Sage},
  Author       = {W.\thinspace{}A. Stein and others},
  Organization = {The Sage Development Team},
  Title        = {{S}age {M}athematics {S}oftware ({V}ersion 1.7.4)},
  note         = {{\tt http://www.sagemath.org}},
  Year         = {2011},
}

@book{mac:cftwm,
  title={Categories for the working mathematician},
  author={Saunders Mac Lane},
  isbn={9780387984032},
  lccn={97045229},
  series={Graduate texts in mathematics},
  url={http://books.google.com/books?id=MXboNPdTv7QC},
  year={1998},
  publisher={Springer}
}
